@article{cisco2016,
  title={Forecast and methodology, 2016-2021, white paper},
  author={Networking Index, Cisco Visual},
  journal={San Jose, CA, USA},
  year={2016}
}

@misc{ericsson2016,
  title={Ericsson Mobility Report},
  author={Obile, W},
  year={2016},
  publisher={Nov}
}

@article{persson2014,
  title={Towards a functional programming language for baseband signal processing},
  author={Persson, Anders},
  year={2014},
  publisher={Chalmers University of Technology}
}